<?xml version="1.0" encoding="UTF-8"?><collection xmlns="http://www.loc.gov/MARC21/slim"><record><leader>00466nam--2200169-u-4500</leader><controlfield tag="001">000055476</controlfield><controlfield tag="002">20161230</controlfield><controlfield tag="005">20161230201052</controlfield><controlfield tag="008">130213s1000------------r-----000-0-eng-d</controlfield><datafield ind1=" " ind2=" " tag="040"><subfield code="a">IFIN-HH</subfield></datafield><datafield ind1=" " ind2=" " tag="080"><subfield code="a">413.232=4=S:539.14</subfield></datafield><datafield ind1="1" ind2=" " tag="100"><subfield code="a">Voskoboinika, D.I</subfield></datafield><datafield ind1="1" ind2="0" tag="245"><subfield code="a">Dictionnaire nucleaire fracais-russe</subfield><subfield code="b">Frantuzsko-russkii iadernii slovari</subfield><subfield code="c">D.i. voskoboinika</subfield></datafield><datafield ind1=" " ind2=" " tag="260"><subfield code="a">Moskva</subfield><subfield code="c">1961</subfield></datafield><datafield ind1=" " ind2=" " tag="300"><subfield code="a">242P</subfield></datafield><datafield ind1=" " ind2=" " tag="852"><subfield code="a">D.229</subfield><subfield code="c">SLF</subfield></datafield><datafield ind1=" " ind2=" " tag="CAT"><subfield code="a">Sys</subfield><subfield code="c">20130213</subfield><subfield code="h">131231</subfield></datafield></record></collection>